<record><leader>00000cas a22000007a 4500</leader><controlfield tag="001">15124311</controlfield><controlfield tag="008">870128d19011924iauwr ne      0    0eng d</controlfield><datafield ind1=" " ind2=" " tag="010"><subfield code="a">sn 87058018 </subfield></datafield><datafield ind1=" " ind2=" " tag="040"><subfield code="a">INP</subfield><subfield code="b">eng</subfield><subfield code="c">INP</subfield><subfield code="d">OCLCQ</subfield></datafield><datafield ind1=" " ind2=" " tag="042"><subfield code="a">msc</subfield></datafield><datafield ind1="0" ind2="4" tag="245"><subfield code="a">The Stockport news.</subfield></datafield><datafield ind1="1" ind2="7" tag="246"><subfield code="a">Stockport weekly news</subfield><subfield code="f">&lt;Dec. 13, 1912&gt;</subfield></datafield><datafield ind1=" " ind2=" " tag="260"><subfield code="a">Stockport, Van Buren Co., Iowa :</subfield><subfield code="b">[s.n.],</subfield><subfield code="c">-1924.</subfield></datafield><datafield ind1=" " ind2=" " tag="300"><subfield code="a">v. :</subfield><subfield code="b">ill.</subfield></datafield><datafield ind1="1" ind2=" " tag="362"><subfield code="a">Began in 1901.</subfield><subfield code="z">Cf. The Stockport news, May 22, 1914.</subfield></datafield><datafield ind1="0" ind2=" " tag="362"><subfield code="a">-24th yr., no. 48 (Nov. 28, 1924).</subfield></datafield><datafield ind1=" " ind2=" " tag="500"><subfield code="a">Editor: H.R. Tillotson, &lt;Dec. 13, 1912&gt;.</subfield></datafield><datafield ind1=" " ind2=" " tag="588"><subfield code="a">Description based on: Vol. 11, no. 46 (Dec. 13, 1912).</subfield></datafield><datafield ind1=" " ind2=" " tag="752"><subfield code="a">United States</subfield><subfield code="b">Iowa</subfield><subfield code="c">Van Buren</subfield><subfield code="d">Stockport.</subfield></datafield></record>